@inproceedings
{	muelleretal03,
	author       = {Müller, Matthias and Charypar, David and Gross, Markus},
	title        = {Particle-Based Fluid Simulation for Interactive Applications},
	year         = {2003},
	publisher    = {ACM SIGGRAPH / Eurographics},
	editor       = {D. Breen, M. Lin},
	booktitle    = {Proceedings of ACM SIGGRAPH / EG Symposium on Computer Animation 2003},
	pages        = {154-159}
}

@article
{	Monaghan89,
	author = {Monaghan, J.J.},
	journal = {Journal of Computational Physics},
	pages = {1-15},
	title = {On the Problem of Penetration in Particle Methods},
	volume = {82},
	year = {1989}
}

@phdthesis
{	speith98,
	author       = {Speith, Roland},
	title        = {Untersuchung von Smoothed Particle Hydrodynamics anhand astrophysikalischer Beispiele},
	school       = {Universität Tübigen},
	year         = {1998}
}

@mastersthesis
{	kelager06,
	author       = {Kelager, Micky},
	title        = {Lagrangian Fluid Dynamics Using Smoothed Particle Hydrodynamics},
	school       = {Universität Kopenhagen},
	address      = {Kopenhagen, Dänemark},
	year         = {2006}
}

@book
{	cbeph06,
	author      = {IBM},
	publisher   = {IBM Corporation},
	title       = {Cell Broadband Engine Programming Handbook},
	year        = {2006},
	month       = {April},
	edition     = {1.0}
	
}

@misc
{	teschner03optimized,
	author = {M. Teschner and B. Heidelberger and M. Mueller and D. Pomeranets and M. Gross},
	title = {Optimized spatial hashing for collision detection of deformable objects},
	text = {M. Teschner, B. Heidelberger, M. Mueller, D. Pomeranets, M. Gross. Optimized spatial hashing for collision detection of deformable objects. pp. 47--54, 2003.},
	year = {2003}
}

@Article
{	PhysRev.159.98,
  title = {Computer "Experiments" on Classical Fluids. I. Thermodynamical Properties of Lennard-Jones Molecules},
  author = {Verlet, Loup },
  journal = {Phys. Rev.},
  volume = {159},
  number = {1},
  pages = {98},
  year = {1967},
  month = {Jul},
  doi = {10.1103/PhysRev.159.98},
  publisher = {American Physical Society}
}
